@article{AccessingImageOverlap,
  title={Assessing UAV-collected image overlap influence on computation time and digital surface model accuracy in olive orchards},
  author={Torres-S{\'a}nchez, Jorge and L{\'o}pez-Granados, Francisca and Borra-Serrano, Irene and Pe{\~n}a, Jos{\'e} Manuel},
  journal={Precision Agriculture},
  volume={19},
  number={1},
  pages={115--133},
  year={2018},
  publisher={Springer}
}

@article{UAVpopularity,
  title={Point cloud generation from aerial image data acquired by a quadrocopter type micro unmanned aerial vehicle and a digital still camera},
  author={Rosnell, Tomi and Honkavaara, Eija},
  journal={Sensors},
  volume={12},
  number={1},
  pages={453--480},
  year={2012},
  publisher={Molecular Diversity Preservation International}
}

@article{EffectofUABimgcamover,
  title={Effects of uav image resolution, camera type, and image overlap on accuracy of biomass predictions in a tropical woodland},
  author={Domingo, Dar{\'\i}o and {\O}rka, Hans Ole and N{\ae}sset, Erik and Kachamba, Daud and Gobakken, Terje},
  journal={Remote Sensing},
  volume={11},
  number={8},
  pages={948},
  year={2019},
  publisher={Multidisciplinary Digital Publishing Institute}
}

@article{OptimalAltOverWeath,
  title={Optimal altitude, overlap, and weather conditions for computer vision UAV estimates of forest structure},
  author={Dandois, Jonathan P and Olano, Marc and Ellis, Erle C},
  journal={Remote Sensing},
  volume={7},
  number={10},
  pages={13895--13920},
  year={2015},
  publisher={Multidisciplinary Digital Publishing Institute}
}

@article{axelsson1999processing,
  title={Processing of laser scanner dataâ€”algorithms and applications},
  author={Axelsson, Peter},
  journal={ISPRS Journal of Photogrammetry and Remote Sensing},
  volume={54},
  number={2-3},
  pages={138--147},
  year={1999},
  publisher={Elsevier}
}